@article{atm_script,
    title           = "FP Skript: Atmospheric Trace Gases",
    year            = "2018",
    month           = "12",
    author          = "Christoph Kern",
    institution     = "Institute of Environmental Physics",
    url             = "https://www.physi.uni-heidelberg.de/Einrichtungen/FP/anleitungen/F18.pdf", 
}

@misc{giovanni_nasa,
    title           = "Goddard Earth Sciences Data and Information, Services Center (GES DISC)",
    year            = "2019",
    month           = "6",
    day             = "12",
    author          = "NASA GES DISC",
    institution     = "NASA",
    url             = "https://giovanni.gsfc.nasa.gov",
    note            = "Analyses and visualizations used in this presentation were produced with the Giovanni online data system, developed and maintained by the NASA GES DISC.",
}

