% Encoding: UTF-8

@article{atm_script,
    title           = "FP Skript: Atmospheric Trace Gases",
    year            = "2018",
    month           = "12",
    author          = "Christoph Kern",
    institution     = "Institute of Environmental Physics",
    url             = "https://www.physi.uni-heidelberg.de/Einrichtungen/FP/anleitungen/F18.pdf", 
}


@article{doas08,
    title           = "Differential Optical Absorption Spectroscopy",
    year            = "2008",
    author          = "Ulrich Platt, Jochen Stutz",
    institution     = "Institute of Environmental Physics",
}

@article{wagner14,
    author="Thomas Wagner",
    title="Cloud detection and classification based on MAX-DOAS observations",
    year="2014",
    institution     = "Institute of Environmental Physics",
}

@book{klose16,
    author="Brigitte Klose",
    title="Meteorologie",
    year="2016",
}

@article{platt10,
    author="Ulrich Platt",
    title="Multitalent f√ºr Spurengase",
    url="https://www.pro-physik.de/restricted-files/100246",
    institution     = "Institute of Environmental Physics",
    year="2010",

}

