% Encoding: UTF-8

@Book{BE,
  author        = {Bertlmann, Reinhold A.},
  title         = {Anomalies in quantum field theory},
  year          = {2005},
  language      = {eng},
  edition       = {repr.},
  series        = {International series of monographs on physics},
  number        = {ARRAY(0x33ae658)},
  publisher     = {Univ. Pr.},
  isbn          = {0-19-850762-3 and 978-0-19-850762-8},
  pages         = {XIII, 566 S.},
  __markedentry = {[thomasackermann:]},
  address       = {Oxford},
  keywords      = {Anomalie <Quantenfeldtheorie>},
  library       = {PY [Signatur: PY/UO 4000 B544+2]},
}

@Book{PS,
  author        = {Peskin, Michael Edward and Schroeder, Daniel V.},
  title         = {An introduction to quantum field theory},
  year          = {2016},
  language      = {eng},
  edition       = {Student economy edition},
  series        = {The advanced book program},
  publisher     = {Westview Press, a member of the Perseus Books Group},
  isbn          = {0-8133-5019-0 and 978-0-8133-5019-6},
  pages         = {xxii, 842 Seiten},
  __markedentry = {[thomasackermann:6]},
  address       = {[Boulder]},
  keywords      = {Quantenfeldtheorie},
  library       = {UB [Signatur: LN-T 5-12305::(N)] ; PY [Signatur: PY/UO 4000 P474+6] ; PY [Signatur: PY/UO 4000 P474+7]},
}

@Comment{jabref-meta: databaseType:biblatex;}
