% Encoding: UTF-8

@Comment{jabref-meta: databaseType:bibtex;}




@techreport{ATL-OREACH-PUB-2018-001,
      title         = "{Review of ATLAS Open Data 8 TeV datasets, tools and
                       activities}",
      institution   = "CERN",
      collaboration = "ATLAS Collaboration",
      address       = "Geneva",
      number        = "ATL-OREACH-PUB-2018-001",
      month         = "Jun",
      year          = "2018",
      reportNumber  = "ATL-OREACH-PUB-2018-001",
      url           = "https://cds.cern.ch/record/2624572",
}
